% Encoding: windows-1252


@Article{Andrade1993,
  Title                    = {Intercepted Radiation at Flowering and Kernel Number in Maize: Shade Versus Plant Density Effects},
  Author                   = {Francisco H. Andrade and Sergio A Uhart and M. I Frugone},
  Journal                  = {Crop Science},
  Year                     = {1993},
  Pages                    = {482--485},
  Volume                   = {33}
}

@Article{Bloomenthal1985,
  Title                    = {Modeling the Might Mape},
  Author                   = {Jules Bloomenthal},
  Journal                  = {ACM SIGGRAPH Computer Graphics},
  Year                     = {1985},
  Pages                    = {305--311},
  Volume                   = {19}
}

@Book{BrunWallachMakowskiEtAl2006,
  title =     {Working with dynamic crop models: evaluation, analysis, parameterization, and applications},
  publisher = {Elsevier},
  year =      {2006},
  author =    {F Brun and Daniel Wallach and David Makowski and James W Jones}
}

@Article{Costa2002,
  Title                    = {Nitrogen effect on grain yield components of leafy and nonleafy maize genotypes},
  Author                   = {C. Costa and L. M. Dwyer and D. W. Stewart and D. L. Smith},
  Journal                  = {Crop Science},
  Year                     = {2002},
  Pages                    = {1556-1563},
  Volume                   = {42},

  Owner                    = {umar waqas},
  Timestamp                = {2016.02.26}
}

@Article{DAndrea2006,
  Title                    = {Genotypic variability in morphological and physiological traits among maize inbred linesâ€”nitrogen responses},
  Author                   = {K E D'Andrea and Maria Elena Otegui and A G Cirilo and G H Eyherabide},
  Journal                  = {Crop Science},
  Year                     = {2006},
  Pages                    = {1266-1276},
  Volume                   = {46}
}

@Article{Disney2000,
  Title                    = {Monte Carlo Ray Tracing in Optical Canopy Reflectance},
  Author                   = {Mathias Disney and Philip Lewis and Peter J North},
  Journal                  = {Remote Sensing of Environment},
  Year                     = {2000},
  Pages                    = {163--196},
  Volume                   = {18}
}

@Article{Fisher2000,
  Title                    = {Variability in flower development of Easter lily : model and decision-support system},
  Author                   = {Paul R Fisher and J. Heiner Lieth},
  Journal                  = {Computers and Electronics in Agriculture},
  Year                     = {2000},
  Pages                    = {53-64},
  Volume                   = {26}
}

@Article{Fournier2003,
  Title                    = {ADEL-wheat: A 3D architectural model of wheat development},
  Author                   = {C. Fournier and Bruno Andrieu and S. Ljutovac and S. Saint-Jean},
  Journal                  = {Plant Growth Modeling and Applications},
  Year                     = {2003},
  Pages                    = {54-66}
}

@Article{HansenIndeje2004,
  author =  {J W Hansen and M Indeje},
  title =   {Linking Dynamic Seasonal Climate Forecasts with Crop Simulation for Maize Yield Prediction in Semi-Arid Kenya},
  journal = {Agricultural and Forecast Meteorology},
  year =    {2004},
  volume =  {1},
  pages =   {143-157}
}

@Article{JameCutforth1996,
  Title                    = {{Crop growth models for decision support systems}},
  Author                   = {YW Jame and HW Cutforth},
  Journal                  = {Canadian Journal of Plant Science},
  Year                     = {1996},
  Pages                    = {9-19},
  Volume                   = {76}
}

@Article{Kiniry2001,
  Title                    = {Rice parameters describing crop performance of four US cultivars},
  Author                   = {J. R. Kiniry and G. McCauley and Y. Xie and J. G. Arnold},
  Journal                  = {Agronomy Journal},
  Year                     = {2001},
  Pages                    = {1354-1361},
  Volume                   = {93}
}

@Article{Loomis1968,
  Title                    = {Quantitative descriptions of foliage display and light absorption in field communities of corn plants},
  Author                   = {R. S. Loomis and W. A. Williams and W. G. Duncan and A. Dovrat},
  Journal                  = {Crop Science},
  Year                     = {1968},
  Pages                    = {352-356},
  Volume                   = {8}
}

@Article{Marcelis1998,
  Title                    = {{ Modelling biomass production and yield of horticultural crops: a review}},
  Author                   = {Leo FM. Marcelis and E. Heuvelink and J. Goudriaan},
  Journal                  = {Scientia Horticulturae},
  Year                     = {1998},
  Pages                    = {83-111},
  Volume                   = {74}
}

@Article{Ogunlela1988,
  Title                    = {Growth, yield components and micronutrient nutrition of field-grown maize (Zea mays L.) as affected by nitrogen fertilization and plant density},
  Author                   = {V. B. Ogunlela and G. M. Amoruwa and O. Ologunde},
  Journal                  = {Fertilizer research},
  Year                     = {1988},
  Pages                    = {189-196},
  Volume                   = {17}
}

@Article{Oikeh2003,
  Title                    = {Differential N uptake by maize cultivars and soil nitrate dynamics under N fertilization in West Africa},
  Author                   = {S. O. Oikeh and R. J. Carsky and J. G. Kling and V. O. Chude and W. J. Horst},
  Journal                  = {Agriculture, Ecosystems \& Environment},
  Year                     = {2003},
  Pages                    = {181-191},
  Volume                   = {100}
}

@Book{Parry2000,
  Title                    = {Assessment of potential effects and adaptions for climate change in Europe: The europe acacia project (a concerted action towards a comprehensive climate impacts and adaptions assessment for the European Union)},
  Author                   = {M Parry},
  Publisher                = {Jackson Environment Institute, University of East Anglia},
  Year                     = {2000}
}

@Article{PinterHatfieldSchepersEtAl2003,
  author =    {Jr. P. Pinter and J. L. Hatfield and Js Schepers and E. M. Barenes and M. S. Daughtry and D. R. Upchurch},
  title =     {Remote sensing for crop management},
  journal =   {Photogrsmmetric engineering},
  year =      {2003},
  volume =    {69},
  pages =     {647-664},
  owner =     {umar waqas},
  timestamp = {2016.02.26}
}

@Article{Prince1991,
  Title                    = {A model of regional primary production for use with coarse resolution satellite data},
  Author                   = {S. D. Prince},
  Journal                  = {International Journal of Remote Sensing},
  Year                     = {1991},
  Pages                    = {1313-1330},
  Volume                   = {12}
}

@Article{Probert2001,
  Title                    = {Regional assessment of strategies for maize production in semi-arid eastern Kenya},
  Author                   = {M. E. Probert},
  Journal                  = {CSIRO Tropical Agriculture},
  Year                     = {2001}
}

@Article{RasheedAliMahmood2004,
  author =  {Muhammad Rasheed and H Ali and T Mahmood},
  title =   {Impact of nitrogen and sulfur application on growth and yield of maize (Zea mays L.) crop},
  journal = {Journal Research of Science},
  year =    {2004},
  volume =  {15},
  pages =   {153-157}
}

@Book{Ritchie1998,
  Title                    = {Cereal growth developement and yield},
  Author                   = {J. T. Ritchie and U Singh and D. C Godwin and W. T. Bowen},
  Publisher                = {Springer Netherland},
  Year                     = {1998},

  Owner                    = {umar waqas},
  Timestamp                = {2016.02.26}
}

@Article{Sinclair1996,
  Title                    = {Crop modeling: from infancy to maturity},
  Author                   = {T. R. Sinclair and N. G. Seligman},
  Journal                  = {Agronomy Journal},
  Year                     = {1996},
  Pages                    = {698-704},
  Volume                   = {88}
}

@Article{Tao2006,
  Title                    = {Climate changes and trends in phenology and yields of field crops in China},
  Author                   = {F. Tao and M. Yokozawa and Y. Xu and Y. Hayashi and Z. Zhang},
  Journal                  = {Agricultural and Forest Meteorology},
  Year                     = {2006},
  Pages                    = {82-92},
  Volume                   = {138}
}

@Article{Waggoner1984,
  author =  {Paul E Waggoner},
  title =   {Views: Agriculture and Carbon Dioxide: If the levels of carbon dioxide in the atmosphere increase as expected, will agricultural productivity decline},
  journal = {American Scientist},
  year =    {1984},
  volume =  {72},
  pages =   {179-184}
}

